@article{giorgi2022twittercorpus,
      title={Twitter Corpus of the #BlackLivesMatter Movement And Counter Protests: 2013 to 2021}, 
      author={Salvatore Giorgi and Sharath Chandra Guntuku and McKenzie Himelein-Wachowiak and Amy Kwarteng and Sy Hwang and Muhammad Rahman and and Brenda Curtis},
      year={2022},
      journal={Proceedings of the International AAAI Conference on Web and Social Media}, 
}