@inproceedings{giorgi2022addictionlanguage,
    title = "Nonsuicidal Self-Injury and Substance Use Disorders: A Shared Language of Addiction",
    author = "Giorgi, Salvatore and
      Himelein-Wachowiak, McKenzie and
      Habib, Daniel and
      Ungar, Lyle and
      Curtis, Brenda",
    booktitle = "Proceedings of the Eigth Workshop on Computational Linguistics and Clinical Psychology",
    year = "2022",
    publisher = "Association for Computational Linguistics",
}