@article{giorgi2022correcting,
      title={Correcting Sociodemographic Selection Biases for Population Prediction from Social Media}, 
      author={Salvatore Giorgi and Veronica Lynn and Keshav Gupta and Farhan Ahmed and Sandra Matz and Lyle Ungar and H. Andrew Schwartz},
      year={2022},
      journal={Proceedings of the International AAAI Conference on Web and Social Media}, 
}